@book{ma23-GA,
    author = {G{\'{o}}mez, Jorge Joaqu{\'{i}}n Delgado and Frensel, Katia Rosenvald and Crissaff, Lhaylla dos Santos},
    title = {Geometria Analítica},
    publisher = {Editora SBM},
    year = {2017},
    edition = {2},
    address = {Rio de Janeiro}
}

@book{morgado-combibatoria,
    author = {Morgado, A. C. and Carvalho, J. B. P. and Carvalho, P. C. P. and Fernandez, P.},
    title = {An{\'{a}}lise Combinat{\'{o}}ria e Probabilidade},
    publisher = {Editora SBM},
    year = {2006},
    address = {Rio de Janeiro}
}

@book{lima-analise,
    author = {Lima, Elon Lages},
    title = {Curso de Análise},
    publisher = {Associação Instituto Nacional de Matemática Pura e Aplicada},
    year = {2009},
    edition = {12},
    volume = {1},
    address = {Rio de Janeiro}
}

@book{serway-mecanica,
    author = {Serway, Raymond A. and Jewett\;Jr., John W.},
    title = {Física para cientista e engenheitos},
    subtitle = {Mecânica},
    publisher = {Cengage Learning},
    volume = {1},
    edition = {2},
    address = {São Paulo},
    year = {2017}
}

@book{morgado-geometria-i,
    author = {Morgado, A. C. and Wagner, E. and Jorge, M.},
    title = {Geometria I},
    publisher = {Livraria Francisco Alves Editora},
    year = {1990},
    address = {Rio de Janeiro}
}